
@inproceedings{Jackson:2006:LTT:1376148.1376210,
 author = {Jackson, Joshua D. and Callahan, Dale W. and Wang, Percy F.},
 title = {Location tracking of test vehicles using accelerometers},
 booktitle = {Proceedings of the 5th WSEAS International Conference on Circuits, Systems, Electronics, Control \& Signal Processing},
 series = {CSECS'06},
 year = {2006},
 isbn = {960-8457-55-6},
 location = {Dallas, Texas},
 pages = {333--336},
 numpages = {4},
 url = {http://dl.acm.org/citation.cfm?id=1376148.1376210},
 acmid = {1376210},
 publisher = {World Scientific and Engineering Academy and Society (WSEAS)},
 address = {Stevens Point, Wisconsin, USA},
 keywords = {GPS, accelerometers, localization, position, rangefinder, tracking, vehicle},
} 

@inproceedings{Liu:2012:PLW:2348543.2348581,
 author = {Liu, Hongbo and Gan, Yu and Yang, Jie and Sidhom, Simon and Wang, Yan and Chen, Yingying and Ye, Fan},
 title = {Push the limit of WiFi based localization for smartphones},
 booktitle = {Proceedings of the 18th annual international conference on Mobile computing and networking},
 series = {Mobicom '12},
 year = {2012},
 isbn = {978-1-4503-1159-5},
 location = {Istanbul, Turkey},
 pages = {305--316},
 numpages = {12},
 url = {http://doi.acm.org/10.1145/2348543.2348581},
 doi = {10.1145/2348543.2348581},
 acmid = {2348581},
 publisher = {ACM},
 address = {New York, NY, USA},
 keywords = {peer assisted localization, smartphone, wifi fingerprint localization},
} 


@inproceedings{Biswas_2010_6819,
   author = {Joydeep Biswas and Manuela Veloso},
   title = {Wifi localization and navigation for autonomous indoor mobile robots},
   booktitle = {Robotics and Automation (ICRA), 2010 IEEE International Conference on},
   pages = {4379-4384},
   month = {May},
   year = {2010},
} 

@UNPUBLISHED{unpublished-minimal,
 author = {Shay Reuveny and Maayan Zadik},
 title = {3D Motion tracking with Gyroscope and Accelerometer},
 note = {a},
}